<?xml version="1.0" encoding="UTF-8"?>

                <record xmlns="http://www.loc.gov/MARC21/slim">
                    <leader>01377nam a2200349zcc4500</leader>
                    <controlfield tag="001">990005981050203331</controlfield>
                    <controlfield tag="005">20200619190524.0</controlfield>
                    <controlfield tag="007">tu</controlfield>
                    <controlfield tag="008">931116|1903####|||###########|||#|#ger#c</controlfield>
                    <controlfield tag="009">AC00745604</controlfield>
                    <datafield tag="024" ind1="7" ind2=" ">
                        <subfield code="a">urn:nbn:at:at-ubi:2-16878</subfield>
                        <subfield code="2">urn</subfield>
                    </datafield>
                    <datafield tag="035" ind1=" " ind2=" ">
                        <subfield code="a">(AT-OBV)AC00745604</subfield>
                    </datafield>
                    <datafield tag="035" ind1=" " ind2=" ">
                        <subfield code="a">(DE-599)OBVAC00745604</subfield>
                    </datafield>
                    <datafield tag="035" ind1=" " ind2=" ">
                        <subfield code="a">(VLID)5153133</subfield>
                    </datafield>
                    <datafield tag="040" ind1=" " ind2=" ">
                        <subfield code="a">UBS</subfield>
                        <subfield code="b">ger</subfield>
                        <subfield code="c">VL-RETRO</subfield>
                        <subfield code="d">UBW</subfield>
                        <subfield code="e">rakwb</subfield>
                    </datafield>
                    <datafield tag="041" ind1=" " ind2=" ">
                        <subfield code="a">ger</subfield>
                    </datafield>
                    <datafield tag="044" ind1=" " ind2=" ">
                        <subfield code="c">XA-AT</subfield>
                    </datafield>
                    <datafield tag="100" ind1="1" ind2=" ">
                        <subfield code="a">Bittner, Ludwig</subfield>
                        <subfield code="d">1877-1945</subfield>
                        <subfield code="0">(DE-588)116198230</subfield>
                        <subfield code="4">aut</subfield>
                        <subfield code="9">O:H</subfield>
                    </datafield>
                    <datafield tag="245" ind1="1" ind2="0">
                        <subfield code="a">Chronologisches Verzeichnis der österreichischen Staatsverträge</subfield>
                        <subfield code="n">1</subfield>
                        <subfield code="p">&lt;&lt;Die>> österreichischen Staatsverträge von 1526 bis 1763</subfield>
                        <subfield code="c">von Ludwig Bittner</subfield>
                    </datafield>
                    <datafield tag="264" ind1=" " ind2="1">
                        <subfield code="a">Wien [u.a.]</subfield>
                        <subfield code="b">Holzhausen</subfield>
                        <subfield code="c">1903</subfield>
                    </datafield>
                    <datafield tag="300" ind1=" " ind2=" ">
                        <subfield code="a">XXI, 228 S.</subfield>
                    </datafield>
                    <datafield tag="490" ind1="1" ind2=" ">
                        <subfield code="a">Veröffentlichungen der Kommission für Neuere Geschichte Österreichs</subfield>
                        <subfield code="v">1</subfield>
                    </datafield>
                    <datafield tag="500" ind1=" " ind2=" ">
                        <subfield code="a">Literaturverz. S. [XVII] - XXI</subfield>
                    </datafield>
                    <datafield tag="773" ind1="0" ind2="8">
                        <subfield code="w">(AT-OBV)AC00745591</subfield>
                        <subfield code="q">1</subfield>
                    </datafield>
                    <datafield tag="776" ind1="0" ind2="8">
                        <subfield code="i">Elektronische Reproduktion</subfield>
                        <subfield code="o">urn:nbn:at:at-ubi:2-16878</subfield>
                    </datafield>
                    <datafield tag="830" ind1=" " ind2="0">
                        <subfield code="w">(AT-OBV)AC00112585</subfield>
                        <subfield code="v">1</subfield>
                        <subfield code="9">O:1</subfield>
                    </datafield>
                    <datafield tag="856" ind1="4" ind2="1">
                        <subfield code="m">V:AT-OBV;B:AT-UBI</subfield>
                        <subfield code="q">text/html</subfield>
                        <subfield code="u">https://resolver.obvsg.at/urn:nbn:at:at-ubi:2-16878</subfield>
                        <subfield code="x">UBI</subfield>
                        <subfield code="3">Volltext // 2020 digitalisiert von: Universitäts- und Landesbibliothek Tirol</subfield>
                        <subfield code="o">OBV-VL</subfield>
                    </datafield>
                    <datafield tag="852" ind1="0" ind2="1">
                        <subfield code="a">43ACC_UBS</subfield>
                        <subfield code="6">990001450320203341</subfield>
                        <subfield code="9">P</subfield>
                    </datafield>
                    <datafield tag="852" ind1="0" ind2="1">
                        <subfield code="a">43ACC_BMA</subfield>
                        <subfield code="6">990002750020304534</subfield>
                        <subfield code="9">P</subfield>
                    </datafield>
                    <datafield tag="852" ind1="0" ind2="1">
                        <subfield code="a">43ACC_WIENB</subfield>
                        <subfield code="6">9910668560504516</subfield>
                        <subfield code="9">P</subfield>
                    </datafield>
                    <datafield tag="852" ind1="0" ind2="1">
                        <subfield code="a">43ACC_UBW</subfield>
                        <subfield code="6">990022956050203332</subfield>
                        <subfield code="9">P</subfield>
                    </datafield>
                    <datafield tag="852" ind1="0" ind2="1">
                        <subfield code="a">43ACC_UBG</subfield>
                        <subfield code="6">990027886220203339</subfield>
                        <subfield code="9">P</subfield>
                    </datafield>
                    <datafield tag="852" ind1="0" ind2="1">
                        <subfield code="a">43ACC_UBI</subfield>
                        <subfield code="6">990016270430103333</subfield>
                        <subfield code="9">P</subfield>
                    </datafield>
                    <datafield tag="852" ind1="0" ind2="1">
                        <subfield code="a">43ACC_AKW</subfield>
                        <subfield code="6">990001166300203343</subfield>
                        <subfield code="9">P</subfield>
                    </datafield>
                    <datafield tag="852" ind1="0" ind2="1">
                        <subfield code="a">43ACC_UBK</subfield>
                        <subfield code="6">990004640570203346</subfield>
                        <subfield code="9">P</subfield>
                    </datafield>
                    <datafield tag="852" ind1="0" ind2="1">
                        <subfield code="a">43ACC_ONB</subfield>
                        <subfield code="6">990049018500603338</subfield>
                        <subfield code="9">P</subfield>
                    </datafield>
                    <datafield tag="852" ind1="0" ind2="1">
                        <subfield code="a">43ACC_OOELB</subfield>
                        <subfield code="6">990000653240304508</subfield>
                        <subfield code="9">P</subfield>
                    </datafield>
                    <datafield tag="852" ind1="0" ind2="1">
                        <subfield code="a">43ACC_BRIDGE_PAR</subfield>
                        <subfield code="6">9963894804485</subfield>
                        <subfield code="9">P</subfield>
                    </datafield>
                    <datafield tag="970" ind1="1" ind2=" ">
                        <subfield code="c">54</subfield>
                    </datafield>
                    <datafield tag="970" ind1="2" ind2=" ">
                        <subfield code="a">UBS</subfield>
                        <subfield code="d">RETRODIGITALISAT</subfield>
                    </datafield>
                    <datafield tag="974" ind1="0" ind2="s">
                        <subfield code="F">030</subfield>
                        <subfield code="A">z|1dcr|||||||</subfield>
                    </datafield>
                    <datafield tag="974" ind1="0" ind2="s">
                        <subfield code="F">051</subfield>
                        <subfield code="A">||||||||</subfield>
                    </datafield>
                    <datafield tag="974" ind1="0" ind2="s">
                        <subfield code="F">050</subfield>
                        <subfield code="A">a|a|||||g|||||</subfield>
                    </datafield>
                </record>

